@techreport{ISO:15939,
    author = {{ISO/IEC 15939}},
    institution = {International Organization for Standardization and International Electrotechnical Commission},
    number = {15939},
    title = {{ISO/IEC} 15939: {S}oftware {E}ngineering - {S}oftware {M}easurement {P}rocess},
    type = {International Standard},
    year = {2002}
}
@masterthesis{manuela2011,
  Author = {Maria Manuela Pôpas Gomes},
  Title  = {Métricas e medição no processo de desenvolvimento de software: estudo de caso},
  Address= {Instituto Universitário de Lisboa},
  Year   = {2011},

}
@book{beck2007implementation,
  title={Implementation patterns},
  author={Beck, Kent},
  year={2007},
  publisher={Pearson Education}
}

@article{Golfarelli1998,
author = {Golfarelli, Matteo and Maio, Dario and Rizzi, Stefano},
file = {:home/baufaker/Dropbox/Unb/TCC/Referencial/Marcos Sampaio - Projeto de DW/Projeto Conceitual/ER-Multidimensional.pdf:pdf},
title = {{Conceptual Design of Data Warehouses from E/R Schemes}},
year = {1998}
}

@book{yin2011applications,
  title={Applications of case study research},
  author={Yin, Robert K},
  year={2011},
  publisher={Sage}
}
@inproceedings{Folleco2007,
  title = {Learning from Software Quality Data with Class Imbalance and Noise},
  author = {Andres Folleco and Taghi M. Khoshgoftaar and Jason Van Hulse and Chris Seiffert},
  year = {2007},
  tags = {data-flow},
  researchr = {http://researchr.org/publication/FollecoKHS07},
  cites = {0},
  citedby = {0},
  pages = {487},
  booktitle = {Proceedings of the Nineteenth International Conference on Software Engineering \& Knowledge Engineering (SEKE 2007), Boston, Massachusetts, USA, July 9-11, 2007},
  publisher = {Knowledge Systems Institute Graduate School},
  isbn = {1-891706-20-9},
}
 
@INPROCEEDINGS{Palza2003,
  author = {Palza, E. and Fuhrman, C. and Abran, A.},
  title = {Establishing a generic and multidimensional measurement repository
        in CMMI context},
  booktitle = {Software Engineering Workshop, 2003. Proceedings. 28th Annual NASA
        Goddard},
  year = {2003},
  pages = {12--20},
  organization = {IEEE}
}
@inproceedings{Ruiz2005,
  title = {A Data Warehousing Environment to Monitor Metrics in Software Development Processes},
  author = {Duncan Dubugras A. Ruiz and Karin Becker and Taisa C. Novello and Virginia S. Cunha},
  year = {2005},
  doi = {http://dx.doi.org/10.1109/DEXA.2005.9},
  tags = {Meta-Environment, process monitoring, data-flow, C++},
  researchr = {http://researchr.org/publication/RuizBNC05},
  cites = {0},
  citedby = {0},
  pages = {936-940},
  booktitle = {16th International Workshop on Database and Expert Systems Applications (DEXA 2005), 22-26 August 2005, Copenhagen, Denmark},
  publisher = {IEEE Computer Society},
  isbn = {0-7695-2424-9},
}
 
@inproceedings{Casati2007,
 author = {Casati, Fabio and Castellanos, Malu and Dayal, Umeshwar and Salazar, Norman},
 title = {A generic solution for warehousing business process data},
 booktitle = {Proceedings of the 33rd international conference on Very large data bases},
 series = {VLDB '07},
 year = {2007},
 isbn = {978-1-59593-649-3},
 location = {Vienna, Austria},
 pages = {1128--1137},
 numpages = {10},
 url = {http://dl.acm.org/citation.cfm?id=1325851.1325978},
 acmid = {1325978},
 publisher = {VLDB Endowment},
} 
 
@inproceedings{Castellanos2005,
 author = {Castellanos, Malu and Casati, Fabio and Shan, Ming-Chien and Dayal, Umesh},
 title = {iBOM: A Platform for Intelligent Business Operation Management},
 booktitle = {Proceedings of the 21st International Conference on Data Engineering},
 series = {ICDE '05},
 year = {2005},
 isbn = {0-7695-2285-8},
 pages = {1084--1095},
 numpages = {12},
 url = {http://dx.doi.org/10.1109/ICDE.2005.73},
 doi = {10.1109/ICDE.2005.73},
 acmid = {1054142},
 publisher = {IEEE Computer Society},
 address = {Washington, DC, USA},
} 
 
@article{Silveira2010,
 author = {Silveira, Patr\'{\i}cia Souza and Becker, Karin and Ruiz, Duncan D.},
 title = {SPDW+: a seamless approach for capturing quality metrics in software development environments},
 journal = {Software Quality Control},
 issue_date = {June      2010},
 volume = {18},
 number = {2},
 month = jun,
 year = {2010},
 issn = {0963-9314},
 pages = {227--268},
 numpages = {42},
 url = {http://dx.doi.org/10.1007/s11219-009-9092-9},
 doi = {10.1007/s11219-009-9092-9},
 acmid = {1773775},
 publisher = {Kluwer Academic Publishers},
 address = {Hingham, MA, USA},
 keywords = {Metrics data warehousing, Metrics repository, Software development environments, Software metrics analysis and monitoring, Software quality metrics},
}
 
@book{Inmon1992,
 author = {Inmon, William H.},
 title = {Building the Data Warehouse},
 year = {1992},
 isbn = {0471569607},
 publisher = {John Wiley \& Sons, Inc.},
 address = {New York, NY, USA},
}
 
@book{Kimball2002,
 author = {Kimball, Ralph and Ross, Margy},
 title = {The Data Warehouse Toolkit: The Complete Guide to Dimensional Modeling},
 year = {2002},
 isbn = {0471200247, 9780471200246},
 edition = {2nd},
 publisher = {John Wiley \& Sons, Inc.},
 address = {New York, NY, USA},
}

@article{Gopal2005,
 author = {Gopal, Anandasivam and Mukhopadhyay, Tridas and Krishnan, M. S.},
 title = {The Impact of Institutional Forces on Software Metrics Programs},
 journal = {IEEE Trans. Softw. Eng.},
 issue_date = {August 2005},
 volume = {31},
 number = {8},
 month = aug,
 year = {2005},
 issn = {0098-5589},
 pages = {679--694},
 numpages = {16},
 url = {http://dx.doi.org/10.1109/TSE.2005.95},
 doi = {10.1109/TSE.2005.95},
 acmid = {1084007},
 publisher = {IEEE Press},
 address = {Piscataway, NJ, USA},
 keywords = {Index Terms- Product metrics, Index Terms- Product metrics, process metrics, software engineering, metrics programs, software development, institutional forces, metrics adaptation, metrics acceptance., institutional forces, metrics acceptance., metrics adaptation, metrics programs, process metrics, software development, software engineering},
}

@masterthesis{andre2000,
  author = {André Barbosa Rocha},
  title  = {Guardando Históricos de Dimensões em Data Warehouses },
  address = {Universidade Federal da Paraíba - Centro de Ciências e Tecnologia},
  year   = {2000}
}
 
@book{kimball1998data,
  title={The data warehouse lifecycle toolkit: expert methods for designing, 
  developing, and deploying data warehouses},
  author={Kimball, Ralph},
  year={1998},
  publisher={Wiley. com}
}

@book{wohlin2012experimentation,
  title={Experimentation in software engineering},
  author={Wohlin, Claes and Runeson, Per and H{\"o}st, Martin and Ohlsson, 
  Magnus C and Regnell, Bj{\"o}rn and Wessl{\'e}n, Anders},
  year={2012},
  publisher={Springer}
}

@inproceedings{brereton2008using,
  title={Using a protocol template for case study planning},
  author={Brereton, Pearl and Kitchenham, Barbara and Budgen, David and Li, Zhi},
  booktitle={Proceedings of the 12th International Conference on Evaluation and Assessment in Software Engineering. University of Bari, Italy},
  year={2008}
}

@inproceedings{khomh2009exploratory,
  title={An exploratory study of the impact of code smells on software change-proneness},
  author={Khomh, Foutse and Di Penta, Massimiliano and Gu{\'e}h{\'e}neuc, Y-G},
  booktitle={Reverse Engineering, 2009. WCRE'09. 16th Working Conference on},
  pages={75--84},
  year={2009},
  organization={IEEE}
}
@misc{Machini2010,
author = {Machini, Jo\~{a}o and Almeida, Luciana and Kon, F\'{a}bio and Meirelles, Paulo Roberto Miranda},
publisher = {Universidade de S\~{a}o Paulo},
title = {{C\'{o}digo Limpo e seu Mapeamento para M\'{e}tricas de C\'{o}digo-Fonte}},
year = {2010}
}

@book{Martin2008,
author = {Martin, Robert C},
doi = {0132350882},
isbn = {9780132350884},
pages = {464},   
title = {Clean Code: A Handbook of Agile Software Craftsmanship},
url = {http://portal.acm.org/citation.cfm?id=1388398},
volume = {1},
year = {2008}
}



@inproceedings{gupta2003spark,
  title={SPARK: A high-level synthesis framework for applying parallelizing compiler transformations},
  author={Gupta, Sumit and Dutt, Nikil and Gupta, Rajesh and Nicolau, Alexandru},
  booktitle={VLSI Design, 2003. Proceedings. 16th International Conference on},
  pages={461--466},
  year={2003},
  organization={IEEE}
}

@article{rao2007detecting,
  title={Detecting Bad Smells in Object Oriented Design Using Design Change Propagation Probability Matrix 1},
  author={Rao, A Ananda and Reddy, K Narendar},
  year={2007},
  publisher={Citeseer}
}

@book{gamma1994design,
  title={Design patterns: elements of reusable object-oriented software},
  author={Gamma, Erich and Helm, Richard and Johnson, Ralph and Vlissides, John},
  year={1994},
  publisher={Pearson Education}
}

@article{moha2010decor,
  title={DECOR: A method for the specification and detection of code and design smells},
  author={Moha, Naouel and Gu{\'e}h{\'e}neuc, Y-G and Duchien, Laurence and Le Meur, A-F},
  journal={Software Engineering, IEEE Transactions on},
  volume={36},
  number={1},
  pages={20--36},
  year={2010},
  publisher={IEEE}
}

@incollection{moha2008domain,
  title={A domain analysis to specify design defects and generate detection algorithms},
  author={Moha, Naouel and Gu{\'e}h{\'e}neuc, Yann-Ga{\"e}l and Le Meur, Anne-Fran{\c{c}}oise and Duchien, Laurence},
  booktitle={Fundamental Approaches to Software Engineering},
  pages={276--291},
  year={2008},
  publisher={Springer}
}

@inproceedings{moha2006automatic,
  title={Automatic generation of detection algorithms for design defects},
  author={Moha, Naouel and Gu{\'e}h{\'e}neuc, Y-G and Leduc, Pierre},
  booktitle={Automated Software Engineering, 2006. ASE'06. 21st IEEE/ACM International Conference on},
  pages={297--300},
  year={2006},
  organization={IEEE}
}

@inproceedings{marinescu2004quantifying,
  title={Quantifying the quality of object-oriented design: The factor-strategy model},
  author={Marinescu, Radu and Ratiu, Daniel},
  booktitle={Reverse Engineering, 2004. Proceedings. 11th Working Conference on},
  pages={192--201},
  year={2004},
  organization={IEEE}
}

@inproceedings{marinescu2005measurement,
  title={Measurement and quality in object-oriented design},
  author={Marinescu, Radu},
  booktitle={Software Maintenance, 2005. ICSM'05. Proceedings of the 21st IEEE International Conference on},
  pages={701--704},
  year={2005},
  organization={IEEE}
}

@inproceedings{van2002java,
  title={Java quality assurance by detecting code smells},
  author={Van Emden, Eva and Moonen, Leon},
  booktitle={Reverse Engineering, 2002. Proceedings. Ninth Working Conference on},
  pages={97--106},
  year={2002},
  organization={IEEE}
}

@book{fowler1999refactoring,
  title={Refactoring: improving the design of existing code},
  author={Fowler, Martin},
  year={1999},
  publisher={Addison-Wesley Professional}
}

@book{beck2003test,
  title={Test-driven development: by example},
  author={Beck, Kent},
  year={2003},
  publisher={Addison-Wesley Professional}
}

@inproceedings{counsell2010strategy,
  title={Is a strategy for code smell assessment long overdue?},
  author={Counsell, S and Hierons, RM and Hamza, H and Black, S and Durrand, M},
  booktitle={Proceedings of the 2010 ICSE Workshop on Emerging Trends in Software Metrics},
  pages={32--38},
  year={2010},
  organization={ACM}
}

@BOOK{Lorenz94,
  title = {{Object-Oriented Software Metrics}},
  publisher = {Prentice Hall},
  year = {1994},
  author = {M. Lorenz and J. Kidd}
}


@ARTICLE{Rosenberg97,
  author = {L. H. Rosenberg and L. E. Hyatt},
  title = {{Software Quality Metrics for Object-Oriented Environments}},
  journal = {Crosstalk - the Journal of Defense Software Engineering},
  year = {1997},
  volume = {10}
}

@CONFERENCE{Shih97,
  author = {T.K. Shih and Chi-Ming Chung and Chun-Chia Wang and W.C. Pai},
  title = {{Decomposition of Inheritance Hierarchy DAGs for Object-Oriented Software  Metrics}},
  booktitle = {{Workshop on Engineering of Computer-Based Systems (ECBS 97)}},
  year = {1997},
  pages = {238}
}




@inproceedings{harman2010source,
  title={Why source code analysis and manipulation will always be important},
  author={Harman, Mark},
  booktitle={Source Code Analysis and Manipulation (SCAM), 2010 10th IEEE Working Conference on},
  pages={7--19},
  year={2010},
  organization={IEEE}
}


@techreport{cmmi2010,

  author = {CMMI},
  institution = {Carnegie Mellon University},
  keywords = {cmmi, requirements, requirements\_engineering, requirements\_management},
  month = nov,
  posted-at = {2011-01-19 09:36:20},
  priority = {2},
  title = {{CMMI® for Development, Version 1.3}},
  url = {http://www.sei.cmu.edu/library/abstracts/reports/10tr033.cfm},
  year = {2010}
}




@inproceedings{concas2008,
  added-at = {2008-08-08T00:00:00.000+0200},
  author = {Concas, Giulio and Francesco, Marco Di and Marchesi, Michele and Quaresima, Roberta and Pinna, Sandro},
  booktitle = {XP},
  crossref = {conf/xpu/2008},
  isbn = {978-3-540-68254-7},
  keywords = {dblp},
  year = {2008}
}

@article{macdonell_how_2010,
	title = {How reliable are systematic reviews in empirical software engineering?},
	volume = {36},
	url = {http://ieeexplore.ieee.org/xpls/abs_all.jsp?arnumber=5416726},
	number = {5},
	urldate = {2013-11-06},
	journal = {Software Engineering, {IEEE} Transactions on},
	author = {{MacDonell}, Stephen and Shepperd, Martin and Kitchenham, Barbara and Mendes, Emilia},
	year = {2010},
	pages = {676–687}
},


@article{kitchenham_systematic_2013,
	title = {A systematic review of systematic review process research in software engineering},
	volume = {55},
	issn = {0950-5849},
	url = {http://www.sciencedirect.com/science/article/pii/S0950584913001560},
	doi = {10.1016/j.infsof.2013.07.010},
	abstract = {{AbstractContext}
Many researchers adopting systematic reviews ({SRs)} have also published papers discussing problems with the {SR} methodology and suggestions for improving it. Since guidelines for {SRs} in software engineering ({SE)} were last updated in 2007, we believe it is time to investigate whether the guidelines need to be amended in the light of recent research.
Objective
To identify, evaluate and synthesize research published by software engineering researchers concerning their experiences of performing {SRs} and their proposals for improving the {SR} process.
Method
We undertook a systematic review of papers reporting experiences of undertaking {SRs} and/or discussing techniques that could be used to improve the {SR} process. Studies were classified with respect to the stage in the {SR} process they addressed, whether they related to education or problems faced by novices and whether they proposed the use of textual analysis tools.
Results
We identified 68 papers reporting 63 unique studies published in {SE} conferences and journals between 2005 and mid-2012. The most common criticisms of {SRs} were that they take a long time, that {SE} digital libraries are not appropriate for broad literature searches and that assessing the quality of empirical studies of different types is difficult.
Conclusion
We recommend removing advice to use structured questions to construct search strings and including advice to use a quasi-gold standard based on a limited manual search to assist the construction of search stings and evaluation of the search process. Textual analysis tools are likely to be useful for inclusion/exclusion decisions and search string construction but require more stringent evaluation. {SE} researchers would benefit from tools to manage the {SR} process but existing tools need independent validation. Quality assessment of studies using a variety of empirical methods remains a major problem.},
	number = {12},
	urldate = {2013-11-06},
	journal = {Information and Software Technology},
	author = {Kitchenham, Barbara and Brereton, Pearl},
	year = {2013},
	keywords = {Mapping study, Systematic literature review, Systematic review, Systematic review methodology},
	pages = {2049--2075}
},


@book{Fenton98,
  title = {{Software Metrics: A Rigorous and Practical Approach}},
  publisher = {Course Technology},
  year = {1998},
  author = {Norman E. Fenton and Shari Lawrence Pfleeger},
  pages = {656},
  edition = {2 edition},
  month = {February}
}


@inproceedings{Chulani2003,
 author = {Chulani, S. and Ray, B. and Santhanam, P. and Leszkowicz, R.},
 title = {Metrics for Managing Customer View of Software Quality},
 booktitle = {Proceedings of the 9th International Symposium on Software Metrics},
 series = {METRICS '03},
 year = {2003},
 isbn = {0-7695-1987-3},
 pages = {189--},
 url = {http://dl.acm.org/citation.cfm?id=942804.943748},
 acmid = {943748},
 publisher = {IEEE Computer Society},
 address = {Washington, DC, USA},
 keywords = {decision support, software product and process metrics, software quality management, software measurement frameworks, knowledge management, information integration},
} 

@inproceedings{Becker2006,
 author = {Becker, Karin and Ruiz, Duncan D. and Cunha, Virginia S. and Novello, Taisa C. and Vieira e Souza, Franco},
 title = {SPDW: A Software Development Process Performance Data Warehousing Environment},
 booktitle = {Proceedings of the 30th Annual IEEE/NASA Software Engineering Workshop},
 series = {SEW '06},
 year = {2006},
 isbn = {0-7695-2624-1},
 pages = {107--118},
 numpages = {12},
 url = {http://dx.doi.org/10.1109/SEW.2006.31},
 doi = {10.1109/SEW.2006.31},
 acmid = {1264138},
 publisher = {IEEE Computer Society},
 address = {Washington, DC, USA},
} 




@misc{Codd1993,
    author = {Codd, E. F. and Codd, S. B. and Salley, C. T.},
    citeulike-article-id = {4937436},
    comment = {White paper},
    keywords = {fca, file-import-09-06-23, ontologyhandbook},
    posted-at = {2009-06-23 22:38:04},
    priority = {2},
    publisher = {E. F. Codd \& Associates},
    title = {{Providing OLAP (On-Line Analytical Processing) to User-Analysis: An IT Mandate}},
    year = {1993}
}

@article{breslin2004data,
  title={Data Warehousing Battle of the Giants},
  author={Breslin, Mary},
  journal={Business Intelligence Journal},
  pages={7},
  year={2004}
}


@article{chaudhuri1997,
  title={An overview of data warehousing and OLAP technology},
  author={Chaudhuri, Surajit and Dayal, Umeshwar},
  journal={ACM Sigmod record},
  volume={26},
  number={1},
  pages={65--74},
  year={1997},
  publisher={ACM}
}

@article{gardner1998,
  title={BUILDING the},
  author={Gardner, Stephen R},
  journal={Communications of the ACM},
  volume={41},
  number={9},
  pages={53},
  year={1998}
}


@booklet{valeria2012,
  title        = {Sistemas de DW},
  author       = {Valéria Cesário Times},
  howpublished = {online},
  year         = {2012},
  note         = {Universidade Federal de Pernambuco - UFPE},
  url          = {www.cin.ufpe.br/~if695/bda_dw.pdf}
}



@book{Schwaber:2004,
 author = {Schwaber, Ken},
 title = {Agile Project Management With Scrum},
 year = {2004},
 isbn = {073561993X},
 publisher = {Microsoft Press},
 address = {Redmond, WA, USA},
} 


@BOOK{beck1999,
	title = {Extreme Programming Explained},
	author = {Kent Beck},
	year = {1999},
    publisher = {Addison Wesley},
}


@BOOK{Basili96b,
  title = {{The Goal Question Metric Approach}},
  publisher = {Encyclopedia of Software Engineering},
  year = {1996},
  author = {Vitor R. Basili and Gianluigi Caldiera and H. Dieter Rombach}
}

@ARTICLE{Basili96,
  author = {V. R. Basili and L. C. Briand and W. L. Melo},
  title = {{A Validation of Object-Oriented Design Metrics as Quality Indicators}},
  journal = {IEEE Transactions on Software Engineering},
  year = {1996},
  volume = {10},
  pages = {751--761},
  number = {22},
  doi = {http://dx.doi.org/10.1109/32.544352}
}

@ARTICLE{Chidamber94,
  author = {S. R. Chidamber and C. F. Kemerer},
  title = {{A Metrics Suite for Object-Oriented Design}},
  journal = {IEEE Transactions on Software Engineering},
  year = {1994},
  volume = {20},
  pages = {476-493},
  number = {6}
}

@INPROCEEDINGS{LCOM4,
  author = {M. Hitz and B. Montazeri},
  title = {{Measuring Coupling and Cohesion in Object-Oriented Systems}},
  booktitle = {{Proceedings of International Symposium on Applied Corporate Computing}},
  year = {1995},
  journal = {Int. Symposium on Applied Corporate Computing}
}

@INPROCEEDINGS{Barkmann2009,
  author = {Henrike Barkmann and R{\"u}diger Lincke and Welf L{\"o}we},
  title = {{Quantitative Evaluation of Software Quality Metrics in Open-Source	Projects}},
  booktitle = {{AINA Workshops}},
  year = {2009},
  pages = {1067-1072},
  ee = {http://doi.ieeecomputersociety.org/10.1109/WAINA.2009.190}
}

@ARTICLE{McCabe76,
  author = {T. J. McCabe},
  title = {{A Complexity Measure}},
  journal = {IEEE Transactions Software Engineering},
  year = {1976},
  volume = {2},
  pages = {308-320},
  number = {4},
  month = {December}
}

@ARTICLE{McCabe94,
  author = {T. J. McCabe and L. A. Dreyer and A. H. Watson},
  title = {{Testing An Object-Oriented Application}},
  journal = {Journal of the Quality Assurance Institute},
  year = {1994},
  volume = {8},
  pages = {21-27},
  number = {4},
  month = {October}
}



@ARTICLE{beckarticle1999, 
	author={Beck, K.}, 
	journal={Computer}, 
	title={Embracing change with extreme programming}, 
	year={1999}, 
	volume={32}, 
	number={10}, 
	pages={70-77}, 
	keywords={software engineering;cost;extreme programming;planning;software engineering;Anatomy;Costs;Programming profession;Relational databases;Software engineering;Software measurement;Software testing;Time measurement;Timing;Velocity measurement}, 
	doi={10.1109/2.796139}, 
	ISSN={0018-9162},
}


@ARTICLE{Wichmann95,
    author = {Ba Wichmann and Aa. Canning and D. L. Clutterbuck and L A Winsborrow and N. J. Ward and D. W. R. Marsh},
    title = {Industrial Perspective on Static Analysis},
    journal = {Software Engineering Journal},
    year = {1995}
}



@BOOK{Jones91,
  title = {{Applied Software Measurement: Assuring Productivity and Quality}},
  publisher = {McGraw-Hill},
  year = {1991},
  author = {T. C. Jones},
  address = {New York}
}


@book{Nielson:1999,
 author = {Flemming Nielson and Hanne Riis Nielson and Chris Hankin},
 title = {Principles of Program Analysis},
 year = {1999},
 isbn = {3540654100},
 publisher = {Springer-Verlag New York, Inc.},
 address = {Secaucus, NJ, USA},
} 

@article{Emanuelsson2008,
 author = {Emanuelsson, P\"{a}r and Nilsson, Ulf},
 title = {A Comparative Study of Industrial Static Analysis Tools},
 journal = {Electron. Notes Theor. Comput. Sci.},
 issue_date = {July, 2008},
 volume = {217},
 month = jul,
 year = {2008},
 issn = {1571-0661},
 pages = {5--21},
 numpages = {17},
 acmid = {1390956},
 publisher = {Elsevier Science Publishers B. V.},
 address = {Amsterdam, The Netherlands, The Netherlands},
 keywords = {Static analysis, dataflow analysis, defects, security vulnerabilities},
} 

@phdthesis{Meirelles2013,
Author = {Paulo Roberto Miranda Meirelles},
Title = {Monitoramento de métricas de código-fonte em projetos de software livre},
School = {Universidade de São Paulo (IME/USP)},
Year = {2013},
}

@inproceedings{macia2010defining,
  title={Defining and applying detection strategies for aspect-oriented code smells},
  author={Macia, Isela and Garcia, Alessandro and von Staa, Arndt},
  booktitle={Software Engineering (SBES), 2010 Brazilian Symposium on},
  pages={60--69},
  year={2010},
  organization={IEEE}
}


@techreport{ISO25023,
    author = {{ISO/IEC 25023}},
    institution = {International Organization for Standardization and International Electrotechnical Commission},
    number = {25023},
    title = {{ISO/IEC} 25023: Systems and software engineering - Systems and software Quality Requirements and Evaluation (SQuaRE) - Measurement  of system and software product quality},
    type = {International Standard},
    year = {2011}
}


@article{mantyla2006subjective,
  title={Subjective evaluation of software evolvability using code smells: An empirical study},
  author={M{\"a}ntyl{\"a}, Mika V and Lassenius, Casper},
  journal={Empirical Software Engineering},
  volume={11},
  number={3},
  pages={395--431},
  year={2006},
  publisher={Springer}
}

@article{yamashita2013assessing,
  title={Assessing the capability of code smells to explain maintenance problems: an empirical study combining quantitative and qualitative data},
  author={Yamashita, Aiko},
  journal={Empirical Software Engineering},
  pages={1--33},
  year={2013},
  publisher={Springer}
}

@article{mustafa2005quality,
  title={Quality Metric Development Framework (< sup> q</sup> MDF)},
  author={Mustafa, Khurram and Khan, RA},
  journal={Journal of Computer Science},
  volume={1},
  number={3},
  pages={437},
  year={2005}
}

@article{kessentiniyou2010,
  title={What you like in design use to correct bad-smells},
  author={Kessentini, Marouane and Mahaouachi, Rim and Ghedira, Khaled},
  journal={Software Quality Journal},
  pages={1--21},
  year={2010},
  publisher={Springer}
}


@article{Mills:1999,
 author = {Mills, Everald E.},
 title = {Metrics in the Software Engineering Curriculum},
 journal = {Ann. Softw. Eng.},
 issue_date = {April 1999},
 volume = {6},
 number = {1-4},
 month = apr,
 year = {1999},
 issn = {1022-7091},
 pages = {181--200},
 numpages = {20},
 doi = {10.1023/A:1018909531948},
 acmid = {314634},
 publisher = {J. C. Baltzer AG, Science Publishers},
 address = {Red Bank, NJ, USA},
}

@book{Boehm81,
  title = {{Software Engineering Economics}},
  publisher = {Prentice-Hall},
  year = {1981},
  editor = {Englewood Cliffs},
  author = {B. W. Boehm},
  address = {N. J.}
}

@INPROCEEDINGS{Rutar04acomparison,
    author = {Nick Rutar and Christian B. Almazan},
    title = {A comparison of bug finding tools for Java},
    booktitle = {In ISSRE ’04: Proceedings of the 15th International Symposium on Software Reliability Engineering (ISSRE’04},
    year = {2004},
    pages = {245--256},
    publisher = {IEEE Computer Society}
}
@ARTICLE{Sharble93,
  author = {R. Sharble and S. Cohen},
  title = {{The Object-Oriented Brewery: A Comparison of Two Object-Oriented Development Methods}},
  journal = {Software Engineering Notes},
  year = {1993},
  volume = {18},
  pages = {60-73},
  number = {2}
}

@article{Terra2008,
 author = {Ricardo Terra and Roberto S. Bigonha},
 title = {Ferramentas para Análise Estática de Códigos Java},
 year = {2008},
 publisher = {Departamento de Ciência da Computação - UFMG},
}


@book{Sommerville10,
  address = {Harlow, England},
  author = {Sommerville, Ian},
  edition = 9,
  isbn = {978-0-13-703515-1},
  keywords = {v1205 book software engineering},
  publisher = {Addison-Wesley},
  timestamp = {2012-05-30T11:07:40.000+0200},
  title = {Software Engineering},
  username = {flint63},
  year = {2010}
}

@book{moura1999kanban,
  title={Kanban: a simplicidade do controle da produção},
  author={Moura, R.A.},
  year={1999},
  publisher={IMAM}
}

@book{brown1998,
  title={Doing Research/reading Research: A Mode of Interrogation for Education},
  author={Brown, A. and Dowling, P.},
  isbn={9780750707282},
  lccn={98122085},
  series={Master classes in education series},
  url={http://books.google.com.br/books?id=3649AAAAIAAJ},
  year={1998},
  publisher={Falmer Press}
}
%---------------------------
@manual{TCU:2012,
	Address = {Brasília, Brasil},
	Org-Short = {TCU},
	Organization = {Tribunal de Contas da Uni\~ao},
	Title = {Guia de boas práticas em contratação de soluções de tecnologia da informação},
	Year = {2012},
}
@misc{Basili1987,
author = {Basili, Victor R. and Rombach, H. Dieter},
file = {::},
keywords = {Integrated Software Engineering Environment (ISEE),TAME,management control,measurement principles,software engineering processes},
language = {en\_US},
month = jun,
title = {{TAME: Integrating Measurement into Software Environments}},
url = {http://drum.lib.umd.edu//handle/1903/7517},
year = {1987}
}

@book{beck1997smalltalk,
  title={Smalltalk Best Practice Patterns. Volume 1: Coding},
  author={Beck, Kent},
  year={1997},
  publisher={Prentice Hall, Englewood Cliffs, NJ}
}

@manual{Lei8666:1993,
	Author = {BRASIL},
  Org-Short = {BRASIL},
  Address = {Brasília, Brasil},
	Title = {Lei nª 8.666/93, de 21 de Junho de 1993},
	Subtitle = {Regulamenta o art. 37, inciso XXI, da Constituição Federal, institui normas para licitações e contratos da Administração Pública e dá outras providências},
	Year = {1993},
}

@manual{IN04:2010,
	Author = {BRASIL},
  Address = {Brasília, Brasil},
	Organization = {Tribunal de Contas da União},
	Title = {Instrução Normativa nº 04},
	Subtitle = {Dispõe sobre o processo de contratação de Soluções de Tecnologia da Informação pelos órgãos integrantes do Sistema de Administração dos Recursos de Informação e Informática (SISP) do Poder Executivo Federal},
	Year = {2010},
}

@manual{MPOG:2011,
	Address = {Brasília, Brasil},
	Org-Short = {MPOG},
	Organization = {Minist\'erio do Planejamento, OrÇamento e Gest\~ao},
	Title = {Guia Prático para Contratação de Soluções de Tecnologia da Informação},
	Year = {2011},
}

@book{cruz2011,
	Author = {C. S. Cruz and E. L. P. Andrade and R. M. C. Figueiredo},
	Title = {Processo de Contratação de Serviços de Tecnologia da Informação para Organizações Públicas},
	Year = {2011},
}

@book{costa2010, 	
	Author = {R. S. Costa e G.M. Jardim},
	Title = {Os Cinco Passos do Pensamento Enxuto},
	Year = {2010},
}

@book{katayama2010,
	Author = {E.T. Katayama},
	Title = {A contribuição da indústria da manufatura no desenvolvimento de software},
	Year = {2010},
}

@book{ikonen2011,
	Author = {M. Ikonen},
	Title = {Lean Thinking in Software Development: Impacts of Kanban on Projects},
	Year = {2011},
}

@book{rodrigues2012, 
	Author = {M. J. F. Rodrigues},
	Title = {Implementação de práticas Lean numa linha de produção eletrónica},
	Year = {2012},
}

@book{klipp,
	Author = {P. Klipp}, 
	Title = {Getting Started with Kanban},
	Year = {2011},
}

@book{kniberg2009,
	Author = {H. Kniberg and M. Skarin}, 
	Title = {Kanban e Scrum obtendo o melhor de ambos},
	Year = {2009},
}

@book{bell2011,
	Author = {S. C. Bell and M. A. Orzen}, 
	Title = {Lean IT Enabling and Sustaining your Lean Transformation},
	Year = {2011},
}

@book{hibbs2009, 
	Author = {C. Hibbs and S. Jewett and M. Sullivan},
	Title = {The Art of Lean Software Development},
	Year = {2009},
}

@book{liker, 
	Author = {J. M. Morgan and J. K. Liker},
	Title = {The Toyota product development system: integrating people, process, and technology},
	Year = {2006},
}

@book{poppendieck, 
	Author = {M. Poppendieck and T. Poppendieck},
	Title = {Implementando o Desenvolvimento Lean de Software},
	Subtitle = {Do Conceito ao Dinheiro},
	Year = {2011},
}

@book{filho, 
	Author = {D. L. B. Filho},
	Title = {Experiências com desenvolvimento ágil},
	Year = {2008},
}

@book{jeff, 
	Author = {J. Sutherland's},
	Title = {Scrum Handbook},
	Year = {2010},
}

@book{nonaka, 
	Author = {I. Nonaka and H. Takeuchi},
	Title = { The Knowledge Creating Company: How Japanese Companies Create the Dynamics of Innovation},
	Year = {1995},
}

@online{scrumprocess,
	Author = {C. Bird},
	 url = {http://consultingblogs.emc.com/colinbird/archive/2006/03/10/3058.aspx},
	Year = {2006},
}


@online{agilebrazil,
	Author = {H. Parente},
	 url = {http://submissoes.agilebrazil.com/2013},
	Year = {2013},
}


@manual{mcti,
  Author = {BRASIL},
  Title = {Modelo de Contratação de Soluções de {TI}},
	Organization = {Minist\'erio do Planejamento, Orçamento e Gest\~ao},
	Address = {Brasília, Brasil},
  url = {http://arquivo.governoeletronico.gov.br/mcti/index.htm},
	Year = {2013},
}


@online{ruas,
	Author = {F. Ruas and W. Vaz},
	 url = {http://www.slideshare.net/faruas/apresentacao-agile-brazil-2013},
	Year = {2013},
}

@online{parente,
	Author = {H. Parente},
	 url = {http://www.slideshare.net/herbertparente/contratao-de-fbrica-de-software-metodologia-gil},
	Year = {2013},
}

@online{manifesto,
	Author = {Ward Cunningham},
	 url = {http://agilemanifesto.org},
	Year = {2001},
}

@manual{IPHAN:2013,
	Address = {Brasília, Brasil},
	Org-Short = {IPHAN},
	Organization = {Instituto do PatrimÔnio HistÓrico e ArtÍstico Nacional},
	Title = {Metodologia IPHAN de Gestão de Demandas de Desenvolvimento Ágil de Softwares},
	Year = {2013},
}


@book{porto, 
	Author = {C. Pereira and C. Sousa},
	Title = { Metodologias de Desenvolvimeto de SW - Metodologias "Ágeis"},
	Year = {2011},
}

@online{sistemas,
	Author = {E. Vieira and G. Schuelter and V. Kern and J.Alves},
	Title = {A Teoria Geral de Sistemas, Gestão do Conhecimento e Educação a Distância},
	 url = {http://www.redalyc.org/articulo.oa?id=273520153003},
	Year = {2005},
}

@online{complexidade,
	Author = {O. Lima and W. Silva},
	 url = {http://www2.ufersa.edu.br/portal/view/uploads/setores/241/texto%203.pdf},
	Year = {2003},
}

@manual{TCU:2013,
  Author = {BRASIL},
	Address = {Brasília, Brasil},
	Org-Short = {TCU},
	Organization = {Tribunal de Contas da Uni\~ao},
	Title = {Acórdão nº  2314},
	Year = {2013},
}

@article{Lehman1980b,
  author = {Lehman, Meir M.},
  journal = {Proc. IEEE},
  month = {September},
  number = 9,
  pages = {1060--1076},
  title = {Programs, life cycles, and laws of software evolution},
  volume = 68,
  year = 1980
}

@book{administracao, 
	Author = {B. L. F. Saldanha},
	Title = { O Gerenciamento e suas origens},
	Year = {2005},
}

@book{RTMAC, 
	Author = {C. Melo and V. A. Santos and H. Corbucci and E. Katayama and A. Goldman and F. Kon},
	Title = { Métodos ágeis no Brasil: estado da prática em times e organizações},
	Year = {2012},
}

@book{ken, 
	Author = {K. Schwaber},
	Title = { Scrum Development Process},
	Year = {1996},
}

@book{jim, 
	Author = {J. Highsmith},
	Title = {Agile Software Development Ecosystems},
	Year = {2002},
}
@article{Li1993,
abstract = {Software metrics have been studied in the procedural paradigm as a quantitative means of assessing the software development process as well as the quality of software products. Several studies have validated that various metrics are useful indicators of maintenance effort in the procedural paradigm. However, software metrics have rarely been studied in the object-oriented paradigm. Very few metrics have been proposed to measure object-oriented systems, and the proposed ones have not been validated. This research concentrates on several object-oriented software metrics and the validation of these metrics with maintenance effort in two commercial systems. Statistical analyses of a prediction model incorporating 10 metrics were performed. In addition, a more compact model with fewer metrics is presented.},
author = {Li, Wei and Henry, Sallie},
doi = {10.1016/0164-1212(93)90077-B},
issn = {01641212},
journal = {Journal of Systems and Software},
month = nov,
number = {2},
pages = {111--122},
title = {{Object-oriented metrics that predict maintainability}},
url = {http://www.sciencedirect.com/science/article/pii/016412129390077B},
volume = {23},
year = {1993}
  
}
